@Book{HTT,
 Author = {Lurie, Jacob},
 Title = {Higher Topos Theory},
 FSeries = {Annals of Mathematics Studies},
 Series = {Ann. Math. Stud.},
 Volume = {170},
 ISBN = {978-0-691-14049-0; 978-0-691-14048-3},
 Year = {2009},
 Publisher = {Princeton, NJ: Princeton University Press},
 Language = {English},
 DOI = {10.1515/9781400830558},
 Keywords = {18-02,18B25,18G30,18G55,18F20},
 zbMATH = {5497319},
 Zbl = {1175.18001},
 shorthand = {HTT}
}

@misc{HA,
  author       = {Lurie, Jacob},
  title        = {Higher Algebra},
  year         = {2017},
  url          = {https://www.math.ias.edu/~lurie/papers/HA.pdf},
  shorthand    = {HA}
}

@misc{DualizableBonn,
  year = {2024},
  title = {Workshop on Dualizable Categories and Continuous K-Theory},
  url = {https://www.mpim-bonn.mpg.de/dualcat2024},
  url = {https://archive.mpim-bonn.mpg.de/id/eprint/5092/},
  shorthand = {DC24}
}

@misc{HermetianII,
      title={Hermitian K-theory for stable $\infty$-categories II: Cobordism categories and additivity}, 
      author={Baptiste Calm√®s and Emanuele Dotto and Yonatan Harpaz and Fabian Hebestreit and Markus Land and Kristian Moi and Denis Nardin and Thomas Nikolaus and Wolfgang Steimle},
      year={2023},
      eprint={2009.07224},
      archivePrefix={arXiv},
      primaryClass={math.KT},
      url={https://arxiv.org/abs/2009.07224}, 
      shorthand = {CD+23}
}